@article{10735355,
	title        = {Effects of Grid Voltage and Load Unbalances on the Efficiency of a Hybrid Distribution Transformer},
	author       = {Carreno, Alvaro and Malinowski, Mariusz and Perez, Marcelo A. and Ding, Jingyu},
	year         = 2024,
	journal      = {IEEE Open Journal of the Industrial Electronics Society},
	volume       = 5,
	number       = {},
	pages        = {1206--1220},
	doi          = {10.1109/OJIES.2024.3486353},
}
@article{10679076,
	title        = {Direct Pulsewidth Modulation Technique for Modular Multilevel Converters Based on Full-Bridge Submodules},
	author       = {Yin, Jiapeng and Dai, NingYi and Vazquez, Sergio and Perez, Marcelo A. and Zhang, Bin and Leon, Jose I. and Franquelo, Leopoldo G.},
	year         = 2024,
	journal      = {IEEE Transactions on Power Electronics},
	volume       = {},
	number       = {},
	pages        = {1--14},
	doi          = {10.1109/TPEL.2024.3459052},
}
@article{10472698,
	title        = {Common-Mode-Voltage Regulation of Modular Multilevel Converters Through Model Predictive Control},
	author       = {Yin, Jiapeng and Dai, NingYi and Leon, Jose I. and Perez, Marcelo A. and Vazquez, Sergio and Franquelo, Leopoldo Garcia},
	year         = 2024,
	journal      = {IEEE Transactions on Power Electronics},
	volume       = 39,
	number       = 6,
	pages        = {7167--7180},
	doi          = {10.1109/TPEL.2024.3377203},
}
@article{10382632,
	title        = {Circulating Active Power Flow Analysis in a Hybrid Transformer With the Series Converter Connected to the Primary Side},
	author       = {Carreno, Alvaro and Malinowski, Mariusz and Perez, Marcelo A. and Baier, Carlos R.},
	year         = 2024,
	journal      = {IEEE Transactions on Industrial Electronics},
	volume       = 71,
	number       = 10,
	pages        = {11775--11784},
	doi          = {10.1109/TIE.2023.3347856},
}
@article{10269751,
	title        = {An Improved Indirect Pulsewidth Modulation Technique for Modular Multilevel Converters},
	author       = {Yin, Jiapeng and Dai, NingYi and Vazquez, Sergio and Marquez, Abraham and Leon, Jose I. and Perez, Marcelo A. and Franquelo, Leopoldo G.},
	year         = 2024,
	journal      = {IEEE Transactions on Power Electronics},
	volume       = 39,
	number       = 1,
	pages        = {733--743},
	doi          = {10.1109/TPEL.2023.3321759},
}
@article{10091779,
	title        = {State-Feedback Control of a Hybrid Distribution Transformer for Power Quality Improvement of a Distribution Grid},
	author       = {Carreno, Alvaro and Perez, Marcelo A. and Malinowski, Mariusz},
	year         = 2024,
	journal      = {IEEE Transactions on Industrial Electronics},
	volume       = 71,
	number       = 2,
	pages        = {1147--1157},
	doi          = {10.1109/TIE.2023.3262872},
}
@article{10136711,
	title        = {Multi-Mode Master-Slave Control Approach for More Modular and Reconfigurable Hybrid Microgrids},
	author       = {D’antonio, Diego S. and López-Santos, Oswaldo and Navas-Fonseca, Alex and Flores-Bahamonde, Freddy and Pérez, Marcelo A.},
	year         = 2023,
	journal      = {IEEE Access},
	volume       = 11,
	number       = {},
	pages        = {55334--55348},
	doi          = {10.1109/ACCESS.2023.3280449},
}
@article{10015728,
	title        = {A Predictive Control Scheme for a Single-Phase Grid-Supporting Quasi-Z-Source Inverter and Its Integration With a Frequency Support Strategy},
	author       = {Baier, Carlos R. and Villarroel, Felipe A. and Torres, Miguel A. and Pérez, Marcelo A. and Hernández, Jesús C. and Espinosa, Eduardo E.},
	year         = 2023,
	journal      = {IEEE Access},
	volume       = 11,
	number       = {},
	pages        = {5337--5351},
	doi          = {10.1109/ACCESS.2023.3236499},
}
@article{9937167,
	title        = {Deadbeat Voltage Control for a Grid-Forming Power Converter With LCL Filter},
	author       = {Samanes, Javier and Rosado, Leyre and Gubia, Eugenio and Lopez, Jesus and Perez, Marcelo A.},
	year         = 2023,
	journal      = {IEEE Transactions on Industry Applications},
	volume       = 59,
	number       = 2,
	pages        = {2473--2482},
	doi          = {10.1109/TIA.2022.3219040},
}
@article{9738734,
	title        = {Unlocking the Hidden Capacity of the Electrical Grid Through Smart Transformer and Smart Transmission},
	author       = {Liserre, Marco and Perez, Marcelo A. and Langwasser, Marius and Rojas, Christian A. and Zhou, Ziqi},
	year         = 2023,
	journal      = {Proceedings of the IEEE},
	volume       = 111,
	number       = 4,
	pages        = {421--437},
	doi          = {10.1109/JPROC.2022.3157162},
}
@article{9913469,
	title        = {A Predictive Shortest-Horizon Voltage Control Algorithm for Non-Minimum Phase Three-Phase Rectifiers},
	author       = {Villarroel, Felipe A. and Espinoza, José R. and Pérez, Marcelo A. and Baier, Carlos R. and Rohten, Jaime A. and Ramírez, Roberto O. and Pulido, Esteban S. and Silva, José J.},
	year         = 2022,
	journal      = {IEEE Access},
	volume       = 10,
	number       = {},
	pages        = {107598--107615},
	doi          = {10.1109/ACCESS.2022.3212731},
}
@article{9360490,
	title        = {Modular Multilevel Converters: Recent Achievements and Challenges},
	author       = {Perez, Marcelo A. and Ceballos, Salvador and Konstantinou, Georgios and Pou, Josep and Aguilera, Ricardo P.},
	year         = 2021,
	journal      = {IEEE Open Journal of the Industrial Electronics Society},
	volume       = 2,
	number       = {},
	pages        = {224--239},
	doi          = {10.1109/OJIES.2021.3060791},
}
@article{9340547,
	title        = {Stable Shortest Horizon FCS-MPC Output Voltage Control in Non-Minimum Phase Boost-Type Converters Based on Input-State Linearization},
	author       = {Villarroel, Felipe A. and Espinoza, José R. and Pérez, Marcelo A. and Ramírez, Roberto O. and Baier, Carlos R. and Sbárbaro, Daniel and Silva, José J. and Reyes, Mauricio A.},
	year         = 2021,
	journal      = {IEEE Transactions on Energy Conversion},
	volume       = 36,
	number       = 2,
	pages        = {1378--1391},
	doi          = {10.1109/TEC.2021.3055733},
}
@article{9242285,
	title        = {Model Predictive Control of Modular Multilevel Converters Using Quadratic Programming},
	author       = {Yin, Jiapeng and Leon, Jose I. and Perez, Marcelo A. and Franquelo, Leopoldo G. and Marquez, Abraham and Vazquez, Sergio},
	year         = 2021,
	journal      = {IEEE Transactions on Power Electronics},
	volume       = 36,
	number       = 6,
	pages        = {7012--7025},
	doi          = {10.1109/TPEL.2020.3034294},
}
@article{9184122,
	title        = {Variable Rounding Level Control Method for Modular Multilevel Converters},
	author       = {Yin, Jiapeng and Leon, Jose I. and Perez, Marcelo A. and Franquelo, Leopoldo G. and Marquez, Abraham and Li, Binbin and Vazquez, Sergio},
	year         = 2021,
	journal      = {IEEE Transactions on Power Electronics},
	volume       = 36,
	number       = 4,
	pages        = {4791--4801},
	doi          = {10.1109/TPEL.2020.3020941},
}
@article{9299429,
	title        = {Power Electronics and Drives: Applications to Modern Ship Propulsion Systems},
	author       = {Reusser, Carlos A. and Young, Hector A. and Perez Osses, Joel R. and Perez, Marcelo A. and Simmonds, Oliver J.},
	year         = 2020,
	journal      = {IEEE Industrial Electronics Magazine},
	volume       = 14,
	number       = 4,
	pages        = {106--122},
	doi          = {10.1109/MIE.2020.3002493},
}
@article{9111212,
	title        = {TOROS optical follow-up of the advanced LIGO–VIRGO O2 second observational campaign},
	author       = {Artola, Rodolfo and Beroiz, Martin and Cabral, Juan and Camuccio, Richard and Castillo, Moises and Chavushyan, Vahram and Colazo, Carlos and Cuevas, Hector and DePoy, Darren L and Díaz, Mario C and Domínguez, Mariano and Dultzin, Deborah and Fernández, Daniela and Ferreyra, Antonio C and Fonrouge, Aldo and Franco, José and Graña, Darío and Girardini, Carla and Gurovich, Sebastián and Kanaan, Antonio and Lambas, Diego G and Lares, Marcelo and Hinojosa, Alejandro F and Hinojosa, Andrea and Hinojosa, Americo F and López-Cruz, Omar and Macri, Lucas M and Marshall, Jennifer L and Melia, Raul and Mendoza, Wendy and Castellón, José L Nilo and Padilla, Nelson and Perez, Victor and Peñuela, Tania and Rattray, Wahltyn and Renzi, Víctor and Ríos-López, Emmanuel and Rivera, Amelia Ramírez and Ribeiro, Tiago and Rodriguez, Horacio and Sánchez, Bruno and Schneiter, Matías and Schoenell, William and Starck, Manuel and Vrech, Rubén and Quiñones, Cecilia and Tapia, Luis and Tornatore, Marina and Torres-Flores, Sergio and Vilchis, Ervin and Zadrożny, Adam},
	year         = 2020,
	journal      = {Monthly Notices of the Royal Astronomical Society},
	volume       = 493,
	number       = 1,
	pages        = {2207--2214},
	doi          = {10.1093/mnras/stz3634},
}
@article{9046048,
	title        = {Surveying Solid-State Transformer Structures and Controls: Providing Highly Efficient and Controllable Power Flow in Distribution Grids},
	author       = {Ruiz, Felipe and Perez, Marcelo A. and Espinosa, José R. and Gajowik, Tomasz and Stynski, Sebastian and Malinowski, Mariusz},
	year         = 2020,
	journal      = {IEEE Industrial Electronics Magazine},
	volume       = 14,
	number       = 1,
	pages        = {56--70},
	doi          = {10.1109/MIE.2019.2950436},
}
@article{8322257,
	title        = {Sliding Mode Control of the Modular Multilevel Converter},
	author       = {Yang, Qichen and Saeedifard, Maryam and Perez, Marcelo A.},
	year         = 2019,
	journal      = {IEEE Transactions on Industrial Electronics},
	volume       = 66,
	number       = 2,
	pages        = {887--897},
	doi          = {10.1109/TIE.2018.2818657},
}

@article{7945527,
	title        = {DC–DC MMC for HVdc Grid Interface of Utility-Scale Photovoltaic Conversion Systems},
	author       = {Rojas, Christian A. and Kouro, Samir and Perez, Marcelo A. and Echeverria, Javier},
	year         = 2018,
	journal      = {IEEE Transactions on Industrial Electronics},
	volume       = 65,
	number       = 1,
	pages        = {352--362},
	doi          = {10.1109/TIE.2017.2714120},
}
@article{8013775,
	title        = {Evolution of Topologies, Modeling, Control Schemes, and Applications of Modular Multilevel Converters},
	author       = {Dekka, Apparao and Wu, Bin and Fuentes, Ricardo Lizana and Perez, Marcelo and Zargari, Navid R.},
	year         = 2017,
	journal      = {IEEE Journal of Emerging and Selected Topics in Power Electronics},
	volume       = 5,
	number       = 4,
	pages        = {1631--1656},
	doi          = {10.1109/JESTPE.2017.2742938},
}
@article{7956250,
	title        = {Robotics in Power Systems: Enabling a More Reliable and Safe Grid},
	author       = {Menendez, Oswaldo and Auat Cheein, Fernando Alfredo and Perez, Marcelo and Kouro, Samir},
	year         = 2017,
	journal      = {IEEE Industrial Electronics Magazine},
	volume       = 11,
	number       = 2,
	pages        = {22--34},
	doi          = {10.1109/MIE.2017.2686458},
}
@article{7836306,
	title        = {Voltage-Balancing Approach With Improved Harmonic Performance for Modular Multilevel Converters},
	author       = {Dekka, Apparao and Wu, Bin and Fuentes, Ricardo Lizana and Perez, Marcelo and Zargari, Navid R.},
	year         = 2017,
	journal      = {IEEE Transactions on Power Electronics},
	volume       = 32,
	number       = 8,
	pages        = {5878--5884},
	doi          = {10.1109/TPEL.2017.2661245},
}
@article{7604136,
	title        = {Experimental Validation of a Single DC Bus Cascaded H-Bridge Multilevel Inverter for Multistring Photovoltaic Systems},
	author       = {Fuentes, Carlos D. and Rojas, Christian A. and Renaudineau, Hugues and Kouro, Samir and Perez, Marcelo A. and Meynard, Thierry},
	year         = 2017,
	journal      = {IEEE Transactions on Industrial Electronics},
	volume       = 64,
	number       = 2,
	pages        = {930--934},
	doi          = {10.1109/TIE.2016.2619661},
}
